@article{knuth84,
  author = {Knuth, Donald E.},
  title = {Literate Programming},
  year = {1984},
  issue_date = {May 1984},
  publisher = {Oxford University Press, Inc.},
  address = {USA},
  volume = {27},
  number = {2},
  issn = {0010-4620},
  url = {https://doi.org/10.1093/comjnl/27.2.97},
  doi = {10.1093/comjnl/27.2.97},
  journal = {Comput. J.},
  month = may,
  pages = {97–111},
  numpages = {15}
}



@inbook{steinberg2008,
	title = {Sexe et genre au xviiie siècle. Quelques remarques sur l{\textquoteright}hypothèse d{\textquoteright}une « fabrique du sexe »},
	author = {Steinberg, Sylvie},
	year = {2008},
	date = {2008},
	publisher = {Éditions de l{\textquoteright}École des hautes études en sciences sociales},
	pages = {197--212},
	doi = {10.4000/books.editionsehess.20467},
	url = {http://dx.doi.org/10.4000/books.editionsehess.20467},
	langid = {fr}
}

@article{
  brahimiSexualiteDansLanthropologie1980,
  title={La sexualité dans l’anthropologie humaniste de Buffon},
  volume={12},
  url={https://www.persee.fr/doc/dhs_0070-6760_1980_num_12_1_1271},
  DOI={10.3406/dhs.1980.1271},
  note={3 citations (Crossref/DOI) [2025-02-07] Company: Persée - Portail des revues scientifiques en SHS Distributor: Persée - Portail des revues scientifiques en SHS Institution: Persée - Portail des revues scientifiques en SHS Label: Persée - Portail des revues scientifiques en SHS Publisher: Presses Universitaires de France},
  number={1},
  journal={Dix-Huitième Siècle},
  author={Brahimi, Denise},
  year={1980},
pages={113–126} }

@article{moreau2010,
	title = {Hiérarchie des esprits et esprit fort : le discours médical},
	author = {Moreau, Isabelle},
	year = {2010},
	month = {03},
	date = {2010-03-03},
	journal = {Les Dossiers du Grihl},
	volume = {4},
	number = {4},
	doi = {10.4000/dossiersgrihl.4001},
	url = {http://dx.doi.org/10.4000/dossiersgrihl.4001}
}

@article{bonnard2013,
	title = {Corps masculin et corps féminin chez les médecins grecs},
	author = {Bonnard, Jean-Baptiste},
	year = {2013},
	month = {07},
	date = {2013-07-01},
	journal = {Clio},
	pages = {21--39},
	number = {37},
	doi = {10.4000/clio.10957},
	url = {http://dx.doi.org/10.4000/clio.10957}
}

@article{bajeux2024,
	title = {Professions médicales et hiérarchies corporelles},
	author = {Bajeux, Camille and Fauvel, Aude},
	year = {2024},
	date = {2024},
	journal = {Histoire, médecine et santé},
	pages = {9--14},
	volume = {25},
	doi = {10.4000/1217b},
	url = {http://dx.doi.org/10.4000/1217b}
}

@article{laqueur2013,
	title = {La fabrique du sexe},
	author = {Laqueur, Thomas},
	year = {2013},
	month = {05},
	date = {2013-05-30},
	doi = {10.14375/np.9782070450787},
	url = {http://dx.doi.org/10.14375/np.9782070450787},
	langid = {fr}
}

@article{vila1995,
	title = {Sex and Sensibility: Pierre Roussel's Système physique et moral de la femme},
	author = {Vila, Anne C.},
	year = {1995},
	date = {1995},
	journal = {Representations},
	pages = {76--93},
	volume = {52},
	doi = {10.2307/2928700},
	url = {http://dx.doi.org/10.2307/2928700},
	langid = {en}
}

@article{edelman2000,
	title = {Représentation de la maladie et construction de la différence des sexes. Des maladies de femmes aux maladies nerveuses, l'hystérie comme exemple},
	author = {Edelman, Nicole},
	year = {2000},
	date = {2000},
	journal = {Romantisme},
	pages = {73--87},
	volume = {30},
	number = {110},
	doi = {10.3406/roman.2000.955},
	url = {http://dx.doi.org/10.3406/roman.2000.955},
	langid = {fr}
}

@inbook{
  vuilleGynecologie2016,
  place={Paris},
  series={Hors collection Sciences Humaines},
  title={Gynécologie},
  ISBN={978-2-7071-9048-2},
  url={https://www.cairn.info/encyclopedie-critique-du-genre--9782707190482-p-283.htm},
  DOI={10.3917/dec.renne.2016.01.0283},
  booktitle={Encyclopédie critique du genre},
  publisher={La Découverte},
  author={Vuille, Marilène},
  year={2016},
  pages={283–292},
collection={Hors collection Sciences Humaines} }

@inbook{martin1996,
	title = {The Egg and the Sperm: How Science has Constructed a Romance Based on Stereotypical Male-Female Roles},
	author = {Martin, Emily},
	year = {1996},
	month = {04},
	date = {1996-04-11},
	publisher = {Oxford University PressOxford},
	pages = {103--117},
	doi = {10.1093/oso/9780198751458.003.0008},
	url = {http://dx.doi.org/10.1093/oso/9780198751458.003.0008},
	langid = {en}
}

@article{richardson1988,
	title = {The Woman in the Body: A Cultural Analysis of Reproduction},
	author = {Richardson, Laurel and Martin, Emily},
	year = {1988},
	month = {03},
	date = {1988-03},
	journal = {Contemporary Sociology},
	pages = {239},
	volume = {17},
	number = {2},
	doi = {10.2307/2070622},
	url = {http://dx.doi.org/10.2307/2070622}
}
